@article{gamerules,
    title = {{Liar's poker: a new card game you should try}},
    urldate = {2024-08-24},
    author = {Dmitrii Krasheninnikov},
    year = {2024},    
    url = {https://krasheninnikov.github.io/liars-poker/},
}